<record><leader>00000cas a22000007a 4500</leader><controlfield tag="001">13205711</controlfield><controlfield tag="008">860227d19121922iduwr ne      0    0eng d</controlfield><datafield ind1=" " ind2=" " tag="010"><subfield code="a">sn 86091128 </subfield></datafield><datafield ind1=" " ind2=" " tag="040"><subfield code="a">UNP</subfield><subfield code="b">eng</subfield><subfield code="c">UNP</subfield><subfield code="d">NVB</subfield><subfield code="d">OCLCQ</subfield><subfield code="d">OCLCF</subfield><subfield code="d">OCLCO</subfield></datafield><datafield ind1="1" ind2=" " tag="029"><subfield code="a">AU@</subfield><subfield code="b">000025795900</subfield></datafield><datafield ind1=" " ind2=" " tag="042"><subfield code="a">msc</subfield></datafield><datafield ind1=" " ind2=" " tag="043"><subfield code="a">n-us-id</subfield></datafield><datafield ind1=" " ind2="4" tag="050"><subfield code="a">AN2.I2</subfield><subfield code="b">C43</subfield></datafield><datafield ind1="0" ind2="0" tag="245"><subfield code="a">Clearwater Republican.</subfield></datafield><datafield ind1=" " ind2=" " tag="260"><subfield code="a">Orofino, Idaho :</subfield><subfield code="b">W.C. Foresman,</subfield><subfield code="c">1912-1922.</subfield></datafield><datafield ind1=" " ind2=" " tag="300"><subfield code="a">v. :</subfield><subfield code="b">ill.</subfield></datafield><datafield ind1=" " ind2=" " tag="310"><subfield code="a">Weekly</subfield></datafield><datafield ind1="0" ind2=" " tag="362"><subfield code="a">Vol. 1, no. 1 (Mar. 28, 1912)-v. 11, no. 5 (Apr. 28, 1922).</subfield></datafield><datafield ind1=" " ind2="0" tag="651"><subfield code="a">Orofino (Idaho)</subfield><subfield code="v">Newspapers.</subfield></datafield><datafield ind1=" " ind2="7" tag="655"><subfield code="a">Newspapers.</subfield><subfield code="2">fast</subfield><subfield code="0">(OCoLC)fst01423814</subfield></datafield><datafield ind1=" " ind2="7" tag="651"><subfield code="a">Idaho</subfield><subfield code="z">Orofino.</subfield><subfield code="2">fast</subfield><subfield code="0">(OCoLC)fst01221019</subfield></datafield><datafield ind1=" " ind2=" " tag="752"><subfield code="a">United States</subfield><subfield code="b">Idaho</subfield><subfield code="c">Clearwater</subfield><subfield code="d">Orofino.</subfield></datafield><datafield ind1="0" ind2="7" tag="785"><subfield code="t">Orofino tribune</subfield></datafield><datafield ind1="0" ind2="7" tag="785"><subfield code="t">Clearwater tribune</subfield><subfield code="w">(DLC)sn 86091129</subfield><subfield code="w">(OCoLC)13205793</subfield></datafield></record>